<record><leader>00000cas a22000007a 4500</leader><controlfield tag="001">41216089</controlfield><controlfield tag="008">990420d197919uumeuwr ne      0    0eng d</controlfield><datafield ind1=" " ind2=" " tag="010"><subfield code="a">sn 99066529 </subfield></datafield><datafield ind1=" " ind2=" " tag="040"><subfield code="a">MBN</subfield><subfield code="b">eng</subfield><subfield code="c">MBN</subfield><subfield code="d">OCLCF</subfield><subfield code="d">OCLCO</subfield></datafield><datafield ind1=" " ind2=" " tag="042"><subfield code="a">msc</subfield></datafield><datafield ind1="0" ind2="4" tag="245"><subfield code="a">The post enterprise.</subfield></datafield><datafield ind1=" " ind2=" " tag="260"><subfield code="a">Lisbon Falls, Me. :</subfield><subfield code="b">Enterprise Pub. Co.,</subfield></datafield><datafield ind1=" " ind2=" " tag="300"><subfield code="a">v.</subfield></datafield><datafield ind1=" " ind2=" " tag="310"><subfield code="a">Weekly</subfield></datafield><datafield ind1="0" ind2=" " tag="362"><subfield code="a">Vol. 8, no. 64 (Sept. 18, 1979)-</subfield></datafield><datafield ind1=" " ind2=" " tag="515"><subfield code="a">Suspended &lt;Sept.&gt;, 1986; resumed with Jan. 22, 1988 issue.</subfield></datafield><datafield ind1=" " ind2="0" tag="651"><subfield code="a">Lisbon Falls (Me.)</subfield><subfield code="v">Newspapers.</subfield></datafield><datafield ind1=" " ind2="7" tag="655"><subfield code="a">Newspapers.</subfield><subfield code="2">fast</subfield><subfield code="0">(OCoLC)fst01423814</subfield></datafield><datafield ind1=" " ind2="7" tag="651"><subfield code="a">Maine</subfield><subfield code="z">Lisbon Falls.</subfield><subfield code="2">fast</subfield><subfield code="0">(OCoLC)fst01227557</subfield></datafield><datafield ind1=" " ind2=" " tag="752"><subfield code="a">United States</subfield><subfield code="b">Maine</subfield><subfield code="c">Androscoggin</subfield><subfield code="d">Lisbon Falls.</subfield></datafield><datafield ind1="0" ind2="0" tag="780"><subfield code="t">Lisbon post</subfield><subfield code="w">(DLC)sn 99066536</subfield></datafield></record>